<?xml version="1.0" encoding="UTF-8"?><collection xmlns="http://www.loc.gov/MARC21/slim"><record><leader>00409nam--2200169-i-4500</leader><controlfield tag="001">000046476</controlfield><controlfield tag="002">20161230</controlfield><controlfield tag="005">20161230201046</controlfield><controlfield tag="008">060222s1000------------r-----000-0-eng-d</controlfield><datafield ind1=" " ind2=" " tag="040"><subfield code="a">IFIN-HH</subfield></datafield><datafield ind1=" " ind2=" " tag="080"><subfield code="a">534.321.9</subfield></datafield><datafield ind1="1" ind2=" " tag="100"><subfield code="a">Vigoureaux,P</subfield></datafield><datafield ind1="1" ind2="0" tag="245"><subfield code="a">Ultrasonics</subfield><subfield code="c">P. vigoureaux</subfield></datafield><datafield ind1=" " ind2=" " tag="260"><subfield code="a">London, Chapman &amp; Hall Ltd.,1950</subfield></datafield><datafield ind1=" " ind2=" " tag="300"><subfield code="a">VI+153 P</subfield></datafield><datafield ind1=" " ind2=" " tag="852"><subfield code="a">1299</subfield><subfield code="c">534</subfield></datafield><datafield ind1=" " ind2=" " tag="CAT"><subfield code="a">Sys</subfield><subfield code="c">20101005</subfield><subfield code="h">125410</subfield></datafield></record></collection>